<record xmlns="http://www.loc.gov/MARC21/slim" xmlns:xsi="http://www.w3.org/2001/XMLSchema-instance" xsi:schemaLocation="http://www.loc.gov/MARC21/slim http://www.loc.gov/standards/marcxml/schema/MARC21slim.xsd"><leader>     nam a22        4500</leader><controlfield tag="001">3077422</controlfield><controlfield tag="003">NNC</controlfield><controlfield tag="006">m        d        </controlfield><controlfield tag="007">cr cn |||m|||a</controlfield><controlfield tag="008">150313s1954    ua a   jo     000 1 ara d</controlfield><datafield ind1=" " ind2=" " tag="040"><subfield code="a">NNU</subfield><subfield code="b">eng</subfield><subfield code="e">rda</subfield><subfield code="c">NNU</subfield></datafield><datafield ind1="1" ind2=" " tag="041"><subfield code="a">ara</subfield><subfield code="h">eng</subfield></datafield><datafield ind1=" " ind2="4" tag="050"><subfield code="a">PS3523.A9548</subfield><subfield code="b">R6124 1954</subfield></datafield><datafield ind1=" " ind2="4" tag="050"><subfield code="a">PZ10.731.L4384</subfield><subfield code="b">D43 1954</subfield></datafield><datafield ind1="1" ind2=" " tag="100"><subfield code="a">Lawson, Robert,</subfield><subfield code="d">1892-1957.</subfield></datafield><datafield ind1="1" ind2="0" tag="240"><subfield code="a">Robbut.</subfield><subfield code="l">Arabic</subfield></datafield><datafield ind1="1" ind2="0" tag="245"><subfield code="6">880-01</subfield><subfield code="a">Dhayl al-arnab /</subfield><subfield code="c">ta&#700;li&#772;f Rubart Lawsu&#772;n ; tarjamat &#699;Abd al-Fatta&#772;h&#803; al-Minya&#772;wi&#772; wa-Muh&#803;ammad &#699;Ali&#772; al-Hamshari&#772;.</subfield></datafield><datafield ind1=" " ind2=" " tag="260"><subfield code="6">880-02</subfield><subfield code="a">Mis&#803;r :</subfield><subfield code="b">Da&#772;r al-Ma&#699;a&#772;rif,</subfield><subfield code="c">[1954]</subfield></datafield><datafield ind1=" " ind2=" " tag="300"><subfield code="a">online resource (94 pages) :</subfield><subfield code="b">illustrations</subfield></datafield><datafield ind1=" " ind2=" " tag="336"><subfield code="a">text</subfield><subfield code="2">rdacontent</subfield></datafield><datafield ind1=" " ind2=" " tag="337"><subfield code="a">computer</subfield><subfield code="2">rdamedia</subfield></datafield><datafield ind1=" " ind2=" " tag="338"><subfield code="a">online resource</subfield><subfield code="2">rdacarrier</subfield></datafield><datafield ind1="1" ind2=" " tag="490"><subfield code="6">880-03</subfield><subfield code="a">Majmu&#772;&#699;at qis&#803;as&#803; wa-musha&#772;hada&#772;t lil-at&#803;fa&#772;l ;</subfield><subfield code="v">2</subfield></datafield><datafield ind1=" " ind2=" " tag="500"><subfield code="a">Part of the Arabic Collections Online (ACO) project, contributed by Columbia University Libraries.</subfield></datafield><datafield ind1=" " ind2=" " tag="520"><subfield code="a">Dissatisfied with his own tail, a young rabbit tries out that of a cat, a garter snake, and a fox.</subfield></datafield><datafield ind1=" " ind2=" " tag="533"><subfield code="a">Electronic reproduction.</subfield><subfield code="b">New York, N.Y. :</subfield><subfield code="c">New York University,</subfield><subfield code="d">2015.</subfield><subfield code="5">NNU</subfield></datafield><datafield ind1=" " ind2="0" tag="650"><subfield code="a">Tail</subfield><subfield code="v">Juvenile fiction.</subfield></datafield><datafield ind1=" " ind2="0" tag="650"><subfield code="a">Rabbits</subfield><subfield code="v">Juvenile fiction.</subfield></datafield><datafield ind1=" " ind2="0" tag="650"><subfield code="a">Children's stories, American</subfield><subfield code="v">Translations into Arabic.</subfield></datafield><datafield ind1=" " ind2="1" tag="650"><subfield code="a">Tail</subfield><subfield code="v">Fiction.</subfield></datafield><datafield ind1=" " ind2="1" tag="650"><subfield code="a">Rabbits</subfield><subfield code="v">Fiction.</subfield></datafield><datafield ind1=" " ind2="7" tag="650"><subfield code="a">Children's stories, American.</subfield><subfield code="2">fast</subfield><subfield code="0">(OCoLC)fst00856654</subfield></datafield><datafield ind1=" " ind2="7" tag="650"><subfield code="a">Rabbits.</subfield><subfield code="2">fast</subfield><subfield code="0">(OCoLC)fst01086347</subfield></datafield><datafield ind1=" " ind2="7" tag="650"><subfield code="a">Tail.</subfield><subfield code="2">fast</subfield><subfield code="0">(OCoLC)fst01142046</subfield></datafield><datafield ind1=" " ind2="7" tag="655"><subfield code="a">Fiction.</subfield><subfield code="2">fast</subfield><subfield code="0">(OCoLC)fst01423787</subfield></datafield><datafield ind1=" " ind2="7" tag="655"><subfield code="a">Juvenile works.</subfield><subfield code="2">fast</subfield><subfield code="0">(OCoLC)fst01411637</subfield></datafield><datafield ind1=" " ind2="7" tag="655"><subfield code="a">Translations.</subfield><subfield code="2">fast</subfield><subfield code="0">(OCoLC)fst01423791</subfield></datafield><datafield ind1="1" ind2=" " tag="700"><subfield code="6">880-04</subfield><subfield code="a">Minya&#772;wi&#772;, &#699;Abd al-Fatta&#772;h&#803;.</subfield></datafield><datafield ind1="1" ind2=" " tag="700"><subfield code="6">880-05</subfield><subfield code="a">Hamshari&#772;, Muh&#803;ammad &#699;Ali&#772;.</subfield></datafield><datafield ind1="2" ind2=" " tag="710"><subfield code="a">Columbia University.</subfield><subfield code="b">Libraries.</subfield></datafield><datafield ind1="0" ind2=" " tag="730"><subfield code="a">Arabic Collections Online.</subfield></datafield><datafield ind1="0" ind2="8" tag="776"><subfield code="i">Print version:</subfield><subfield code="a">Lawson, Robert, 1892-1957.</subfield><subfield code="t">Dhayl al-arnab</subfield><subfield code="w">(NNC)3077422</subfield><subfield code="w">(OCoLC)47884492</subfield></datafield><datafield ind1=" " ind2="0" tag="830"><subfield code="6">880-06</subfield><subfield code="a">Majmu&#772;&#699;at qis&#803;as&#803; wa-musha&#772;hada&#772;t lil-at&#803;fa&#772;l ;</subfield><subfield code="v">2.</subfield></datafield><datafield ind1="4" ind2="0" tag="856"><subfield code="u">http://hdl.handle.net/2333.1/bvq83f0j</subfield></datafield><datafield ind1="1" ind2="0" tag="880"><subfield code="6">245-01/r</subfield><subfield code="a">&#1584;&#1610;&#1604; &#1575;&#1604;&#1575;&#1585;&#1606;&#1576; /</subfield><subfield code="c">&#1578;&#1571;&#1604;&#1610;&#1601; &#1585;&#1576;&#1585;&#1578; &#1604;&#1608;&#1587;&#1608;&#1606; &#1563; &#1578;&#1585;&#1580;&#1605;&#1577; &#1593;&#1576;&#1583; &#1575;&#1604;&#1601;&#1578;&#1575;&#1581; &#1575;&#1604;&#1605;&#1606;&#1610;&#1575;&#1608;&#1610; &#1608;&#1605;&#1581;&#1605;&#1583; &#1593;&#1604;&#1610; &#1575;&#1604;&#1607;&#1605;&#1588;&#1585;&#1610;.</subfield></datafield><datafield ind1=" " ind2=" " tag="880"><subfield code="6">260-02/r</subfield><subfield code="a">&#1605;&#1589;&#1585; :</subfield><subfield code="b">&#1583;&#1575;&#1585; &#1575;&#1604;&#1605;&#1593;&#1575;&#1585;&#1601;&#1548;</subfield><subfield code="c">[1954]</subfield></datafield><datafield ind1="1" ind2=" " tag="880"><subfield code="6">490-03/r</subfield><subfield code="a">&#1605;&#1580;&#1605;&#1608;&#1593;&#1577; &#1602;&#1589;&#1589; &#1608;&#1605;&#1588;&#1575;&#1607;&#1583;&#1575;&#1578; &#1604;&#1604;&#1575;&#1591;&#1601;&#1575;&#1604; &#1563;</subfield><subfield code="v">2</subfield></datafield><datafield ind1="1" ind2=" " tag="880"><subfield code="6">700-04/r</subfield><subfield code="a">&#1605;&#1606;&#1610;&#1575;&#1608;&#1610;&#1548; &#1593;&#1576;&#1583; &#1575;&#1604;&#1601;&#1578;&#1575;&#1581;.</subfield></datafield><datafield ind1="1" ind2=" " tag="880"><subfield code="6">700-05/r</subfield><subfield code="a">&#1607;&#1605;&#1588;&#1585;&#1610;&#1548; &#1605;&#1581;&#1605;&#1583; &#1593;&#1604;&#1610;.</subfield></datafield><datafield ind1=" " ind2="0" tag="880"><subfield code="6">830-06/r</subfield><subfield code="a">&#1605;&#1580;&#1605;&#1608;&#1593;&#1577; &#1602;&#1589;&#1589; &#1608;&#1605;&#1588;&#1575;&#1607;&#1583;&#1575;&#1578; &#1604;&#1604;&#1575;&#1591;&#1601;&#1575;&#1604; &#1563; ;</subfield><subfield code="v">2.</subfield></datafield><datafield ind1=" " ind2=" " tag="959"><subfield code="a">NNU</subfield><subfield code="b">WEB</subfield><subfield code="c">GENI</subfield><subfield code="t">0</subfield><subfield code="m">Electronic access</subfield><subfield code="s">01</subfield></datafield><datafield ind1=" " ind2=" " tag="999"><subfield code="i">NNC_3077422</subfield><subfield code="o">(OCoLC)ocm47884492 </subfield><subfield code="s">columbia_aco000522</subfield><subfield code="e">(ERROR-880)</subfield></datafield></record>